<collection xmlns:xsi="http://www.w3.org/2001/XMLSchema-instance" xmlns="http://www.loc.gov/MARC21/slim" xsi:schemaLocation="http://www.loc.gov/MARC21/slim http://www.loc.gov/standards/marcxml/schema/MARC21slim.xsd">

<record>
  <leader>03429ckdaa2200493 a 4500</leader>
  <controlfield tag="001">3460388</controlfield>
  <controlfield tag="005">20100226102458.0</controlfield>
  <controlfield tag="008">870203q19461955xx ||| |||||||    k|eng d</controlfield>
  <datafield tag="035" ind1=" " ind2=" ">
    <subfield code="a">(OCoLC)84291223</subfield>
  </datafield>
  <datafield tag="035" ind1=" " ind2=" ">
    <subfield code="a">(OCoLC)ocm84291223</subfield>
  </datafield>
  <datafield tag="035" ind1=" " ind2=" ">
    <subfield code="a">(CStRLIN)NYDA87-F59</subfield>
  </datafield>
  <datafield tag="035" ind1=" " ind2=" ">
    <subfield code="9">AAA0859AD</subfield>
  </datafield>
  <datafield tag="035" ind1=" " ind2=" ">
    <subfield code="a">(NNC)3460388</subfield>
  </datafield>
  <datafield tag="040" ind1=" " ind2=" ">
    <subfield code="a">NNC</subfield>
    <subfield code="c">NNC</subfield>
    <subfield code="e">gihc</subfield>
  </datafield>
  <datafield tag="043" ind1=" " ind2=" ">
    <subfield code="a">n-us-ny</subfield>
  </datafield>
  <datafield tag="100" ind1="1" ind2=" ">
    <subfield code="a">Ferriss, Hugh,</subfield>
    <subfield code="d">1889-1962.</subfield>
  </datafield>
  <datafield tag="240" ind1="1" ind2="0">
    <subfield code="a">Metropolitan Museum of Art (New York, N.Y.).</subfield>
    <subfield code="p">Alterations</subfield>
  </datafield>
  <datafield tag="245" ind1="1" ind2="0">
    <subfield code="a">Proposed alterations for Metropolitan Museum of Art, New York.</subfield>
    <subfield code="h">[graphic] /</subfield>
    <subfield code="c">Hugh Ferriss, del.</subfield>
  </datafield>
  <datafield tag="260" ind1=" " ind2=" ">
    <subfield code="c">[between 1946 and 1955?]</subfield>
  </datafield>
  <datafield tag="300" ind1=" " ind2=" ">
    <subfield code="a">4 drawings :</subfield>
    <subfield code="b">various media ;</subfield>
    <subfield code="c">46.7 x 63.7 cm. (18 3/8 x 25 1/8 in.) or smaller.</subfield>
  </datafield>
  <datafield tag="500" ind1=" " ind2=" ">
    <subfield code="a">Set consists of 2 drawings, charcoal on tracing paper; 1 drawing, charcoal with colored crayon on paper; 1 drawing, pencil on tracing paper.</subfield>
  </datafield>
  <datafield tag="520" ind1=" " ind2=" ">
    <subfield code="a">These drawings present confusing evidence as to their origin, since the date of "3/28/55" given on drawing 1000.001.00063 is much later than the 1946 date of the project illustrated in plate 26 of Power in buildings by Hugh Ferriss, and indicated by the inscription on drawing 1000.001.00060. Ferriss archival papers yield the names of associated architects, Robert B. O'Connor and Aymar Embury, 2nd, as well as the firm of Brown, Lawford, and Forbes, Architects, (1946) (probably the Watson Library Project) in connection with Metropolitan Museum projects. These drawings may be from one or both of the projects.</subfield>
  </datafield>
  <datafield tag="580" ind1=" " ind2=" ">
    <subfield code="a">Forms part of the Hugh Ferriss architectural drawings and papers, Dept. of Drawings &amp; Archives, Avery Architectural and Fine Arts Library, Columbia University.</subfield>
  </datafield>
  <datafield tag="650" ind1=" " ind2="7">
    <subfield code="a">Art museums.</subfield>
    <subfield code="2">aat</subfield>
  </datafield>
  <datafield tag="650" ind1=" " ind2="7">
    <subfield code="a">Alterations.</subfield>
    <subfield code="2">aat</subfield>
  </datafield>
  <datafield tag="655" ind1=" " ind2="7">
    <subfield code="a">Architectural drawings</subfield>
    <subfield code="x">American.</subfield>
    <subfield code="2">aat</subfield>
  </datafield>
  <datafield tag="655" ind1=" " ind2="7">
    <subfield code="a">Perspective drawings.</subfield>
    <subfield code="2">aat</subfield>
  </datafield>
  <datafield tag="655" ind1=" " ind2="7">
    <subfield code="a">Preliminary drawings.</subfield>
    <subfield code="2">aat</subfield>
  </datafield>
  <datafield tag="655" ind1=" " ind2="7">
    <subfield code="a">Interior perspectives.</subfield>
    <subfield code="2">aat</subfield>
  </datafield>
  <datafield tag="651" ind1=" " ind2="0">
    <subfield code="a">New York (N.Y.)</subfield>
  </datafield>
  <datafield tag="650" ind1=" " ind2="0">
    <subfield code="a">Architecture</subfield>
    <subfield code="z">United States</subfield>
    <subfield code="v">Designs and plans.</subfield>
  </datafield>
  <datafield tag="610" ind1="2" ind2="0">
    <subfield code="a">Metropolitan Museum of Art (New York, N.Y.)</subfield>
  </datafield>
  <datafield tag="700" ind1="1" ind2=" ">
    <subfield code="a">Embury, Aymar,</subfield>
    <subfield code="d">1880-1966.</subfield>
  </datafield>
  <datafield tag="700" ind1="1" ind2=" ">
    <subfield code="a">O'Connor, Robert B.</subfield>
  </datafield>
  <datafield tag="710" ind1="2" ind2=" ">
    <subfield code="a">Brown, Lawford and Forbes (Firm)</subfield>
  </datafield>
  <datafield tag="710" ind1="2" ind2=" ">
    <subfield code="a">Metropolitan Museum of Art (New York, N.Y.)</subfield>
  </datafield>
  <datafield tag="755" ind1=" " ind2=" ">
    <subfield code="a">Charcoal drawings.</subfield>
    <subfield code="2">aat</subfield>
  </datafield>
  <datafield tag="755" ind1=" " ind2=" ">
    <subfield code="a">Pencil drawings.</subfield>
    <subfield code="2">aat</subfield>
  </datafield>
  <datafield tag="799" ind1="4" ind2="3">
    <subfield code="a">The Hugh Ferriss collection.</subfield>
  </datafield>
  <datafield tag="789" ind1="0" ind2=" ">
    <subfield code="l">[1]</subfield>
    <subfield code="i">NYDA.1000.001.00060.</subfield>
    <subfield code="t">N.Y. Metropolitan Museum, Scheme for outside ramps /</subfield>
    <subfield code="c">Hugh Ferriss.</subfield>
    <subfield code="p">Charcoal with colored crayon on paper ; 46.7 x 63.7 cm. (18 3/8 x 25 1/8 in.)</subfield>
    <subfield code="o">Title on verso.</subfield>
    <subfield code="o">"Met Museum N.Y. Proposed changes, c.f. Power in Bldg, Pl. 26"--inscribed lower left.</subfield>
  </datafield>
  <datafield tag="789" ind1="0" ind2=" ">
    <subfield code="l">[2]</subfield>
    <subfield code="i">NYDA.1000.001.00061.</subfield>
    <subfield code="t">[Perspective of main entrance] /</subfield>
    <subfield code="c">Hugh Ferriss, del.</subfield>
    <subfield code="p">Graphite on tracing paper with some charcoal, some charcoal lines on verso ; 46.2 x 44.4 cm. (18 1/8 x 17 1/2 in.)</subfield>
    <subfield code="o">"Preliminary study ...?" inscribed and mostly erased lower left; may have read "Preliminary study, not for publication".</subfield>
  </datafield>
  <datafield tag="789" ind1="0" ind2=" ">
    <subfield code="l">[3]</subfield>
    <subfield code="i">NYDA.1000.001.00062.</subfield>
    <subfield code="t">[Interior perspective of stairs and escalator] /</subfield>
    <subfield code="c">H. Ferriss.</subfield>
    <subfield code="p">Charcoal on tracing paper ; 38.5 x 55.4 cm. (15 1/4 x 21 7/8 in.)</subfield>
  </datafield>
  <datafield tag="789" ind1="0" ind2=" ">
    <subfield code="l">[4]</subfield>
    <subfield code="i">NYDA.1000.001.00063.</subfield>
    <subfield code="t">[Preliminary study : interior perspective] /</subfield>
    <subfield code="c">H. Ferriss.</subfield>
    <subfield code="p">Charcoal on tracing paper ; 46.6 x 52.3 cm. (18 3/8 x 20 5/8 in.)</subfield>
    <subfield code="o">"Preliminary study", "Not for publication H.F."</subfield>
  </datafield>
  <datafield tag="900" ind1=" " ind2=" ">
    <subfield code="a">AUTH</subfield>
  </datafield>
</record>

</collection>